<?xml version="1.0" encoding="UTF-8"?><collection><record><leader>05794ntm a2200565 a 4500</leader><controlfield tag="001">006834403</controlfield><controlfield tag="003">MiAaHDL</controlfield><controlfield tag="005">20190719000000.0</controlfield><controlfield tag="006">m        d        </controlfield><controlfield tag="007">cr bn ---auaua</controlfield><controlfield tag="008">090706s1695    xx            00| ||ara d</controlfield><datafield tag="035" ind1=" " ind2=" "><subfield code="a">(MiU)006834403</subfield></datafield><datafield tag="035" ind1=" " ind2=" "><subfield code="a">sdr-miu006834403</subfield></datafield><datafield tag="040" ind1=" " ind2=" "><subfield code="a">MiU</subfield><subfield code="c">MiU</subfield><subfield code="e">amremm</subfield></datafield><datafield tag="043" ind1=" " ind2=" "><subfield code="a">n-us-mi</subfield></datafield><datafield tag="100" ind1="1" ind2=" "><subfield code="6">880-01</subfield><subfield code="a">Daylamī, al-Ḥasan ibn Muḥammad,</subfield><subfield code="d">active 14th century.</subfield></datafield><datafield tag="245" ind1="1" ind2="0"><subfield code="6">880-03</subfield><subfield code="a">Irshād al-qulūb ilá al-ṣawāb al-munjī man ʻamala bihi min alīm al-ʻaqāb,</subfield><subfield code="f">[1106, i.e. 1695].</subfield></datafield><datafield tag="246" ind1="3" ind2=" "><subfield code="i">Title from inscriptions in green ink on front flyleaf (pp.3-4):</subfield><subfield code="a">ارشاد القلوب</subfield></datafield><datafield tag="260" ind1=" " ind2=" "><subfield code="c">[1695].</subfield></datafield><datafield tag="300" ind1=" " ind2=" "><subfield code="a">170 leaves :</subfield><subfield code="b">paper ;</subfield><subfield code="c">231 x 135 (145 x 69) mm.</subfield></datafield><datafield tag="500" ind1=" " ind2=" "><subfield code="a">Shelfmark: Ann Arbor, University of Michigan, Special Collections Library, Isl. Ms. 1023</subfield></datafield><datafield tag="500" ind1=" " ind2=" "><subfield code="a">Origin: As appears in colophon on p.347, transcription and subsequent collation completed 2 Jumādá II 1106 [ca. 18 January 1695].</subfield></datafield><datafield tag="500" ind1=" " ind2=" "><subfield code="a">Accompanying materials: Slip torn from a page printed with prayers (paginated pp.5-6).</subfield></datafield><datafield tag="500" ind1=" " ind2=" "><subfield code="a">Former shelfmark: Mich. Isl. Ms. temp. no. 172</subfield></datafield><datafield tag="500" ind1=" " ind2=" "><subfield code="a">Binding: Pasteboards covered in black leather ; Type III binding (without flap) ; doublures in dark red brown leather ; upper and lower cover carry traces of a tooled border with onlays ; sewn in white thread, two stations ; worked chevron endbands in red and light green, good condition ; overall in poor condition with much abrasion, lifting and deterioration of spine leather, pest damage, losses at board corners, warping and slight negative draw in covers, etc.</subfield></datafield><datafield tag="500" ind1=" " ind2=" "><subfield code="a">Support: non-European (likely Persian or Indian) laid paper with 10-11 laid lines per cm. (vertical) and chain lines only occasionally faintly visible ; well-burnished, quite thin, crisp and transluscent though sturdy, beige to dark cream in color ; some staining and pest damage.</subfield></datafield><datafield tag="500" ind1=" " ind2=" "><subfield code="a">Decoration: Keywords, headings, notabilia and abbreviation symbols (mainly two-teeth stroke overlining keywords) rubricated ; text to be entered in red indicated in margins though nearly cut off ; textual dividers in the form of red dots ; overlining and some vocalization in red.</subfield></datafield><datafield tag="500" ind1=" " ind2=" "><subfield code="a">Script: Naskh ; elegant Persianate hand in a thin line ; mainly serifless (though left-sloping head-serif occasionally appears on lām, etc.) with slight effect of tilt to the left, some elongation of horizontal strokes, curvilinear descenders (some sweeping), adhering to baseline though some letters and words occasionally superscript, freely ligatured, point of final nūn typically assimilated with bowl, pointing in distinct dots, final yāʼ unpointed.</subfield></datafield><datafield tag="500" ind1=" " ind2=" "><subfield code="a">Layout: Written in 16 lines per page ; frame-ruled.</subfield></datafield><datafield tag="500" ind1=" " ind2=" "><subfield code="a">Collation: iii, 17 IV(136), III+1 (143), 3 IV(167), II-1 (170) ; almost exclusively quaternions ; catchwords present ; middle of the quire marks in the form of oblique strokes in opposite outer corners ; foliation in red ink, Hindu-Arabic numerals, nearly cut off ; pagination in pencil, Western numerals, supplied during digitization (includes flyleaves and inserts).</subfield></datafield><datafield tag="500" ind1=" " ind2=" "><subfield code="a">Colophon: "Scribal," triangular, reads "تمت الكتاب بعون الله الملك الوهاب وبلغ المقابلة [مرتين] في يوم الاثنين من شهر جمادى الاخر سنة ١١٠۶ ..."</subfield></datafield><datafield tag="500" ind1=" " ind2=" "><subfield code="a">Explicit: "ولا تزعن من قلبه محبتي وعليك سلامي ورحمتي"</subfield></datafield><datafield tag="500" ind1=" " ind2=" "><subfield code="a">Incipit: "الحمد لله رب العالمين وصلى الله على محمد خاتم النبيين وعلى آله الطاهرين اما بعد فانه لما استولى سلطان الشهوة والغضب على الآدميين ومحبة كل منهم لنفسه ... عملت هذا الكتاب وسميته بارشاد القلوب الى الصواب المنجى من عمل به من اليم العقاب ..."</subfield></datafield><datafield tag="500" ind1=" " ind2=" "><subfield code="a">Title from opening matter on p.10.</subfield></datafield><datafield tag="500" ind1=" " ind2=" "><subfield code="a">Ms. codex.</subfield></datafield><datafield tag="510" ind1="4" ind2=" "><subfield code="a">Brockelmann, C. GAL,</subfield><subfield code="c">S II 261</subfield></datafield><datafield tag="520" ind1="8" ind2=" "><subfield code="a">Fine copy of the opening part of al-Daylamī's collection of sermons, ḥadīth, narrations pertaining to ʻAlī the other Imāms, etc.</subfield></datafield><datafield tag="538" ind1=" " ind2=" "><subfield code="a">Mode of access: Internet.</subfield></datafield><datafield tag="541" ind1=" " ind2=" "><subfield code="c">Purchase ;</subfield><subfield code="a">Purchased in Egypt by Mr. Sulaiman ;</subfield><subfield code="d">1968 ;</subfield><subfield code="e">(Sulaiman 690713-156)</subfield></datafield><datafield tag="546" ind1=" " ind2=" "><subfield code="a">Arabic.</subfield></datafield><datafield tag="561" ind1=" " ind2=" "><subfield code="a">Several effaced former owners' marks on 'title page' (p.9) including statements and two distinct oval seal impressions ; excerpts on opening flyleaves and 'title page' (pp.1-4, 7-9) ; statement dated 29 Muḥarram 1260 [ca. 19 February 1844] in name of al-Sayyid Muḥammad al-Murtaḍá ( السيد محمد المرتضى) in red pencil at opening on p.10 ; oval seal impression in name of one Muḥammad ...? (محمد ...؟) at close on p.347, possibly the copyist and / or collator ; collation statement with correction (in a different hand) in colophon indicate that the text was collated twice ; numerous glosses and marginal corrections ; collation marks and notes, often rubricated.</subfield></datafield><datafield tag="650" ind1=" " ind2="0"><subfield code="a">Manuscripts, Arabic</subfield><subfield code="z">Michigan</subfield><subfield code="z">Ann Arbor.</subfield></datafield><datafield tag="650" ind1=" " ind2="0"><subfield code="a">Islamic sermons, Arabic</subfield><subfield code="v">Early works to 1800.</subfield></datafield><datafield tag="650" ind1=" " ind2="0"><subfield code="a">Islamic ethics</subfield><subfield code="v">Early works to 1800.</subfield></datafield><datafield tag="650" ind1=" " ind2="0"><subfield code="a">Religious life</subfield><subfield code="x">Shiites</subfield><subfield code="v">Early works to 1800.</subfield></datafield><datafield tag="650" ind1=" " ind2="0"><subfield code="a">Islam</subfield><subfield code="v">Apologetic works</subfield><subfield code="v">Early works to 1800.</subfield></datafield><datafield tag="650" ind1=" " ind2="0"><subfield code="a">Hadith (Shiites)</subfield><subfield code="v">Early works to 1800.</subfield></datafield><datafield tag="773" ind1="0" ind2=" "><subfield code="a">Sulaiman Purchase Collection.</subfield></datafield><datafield tag="880" ind1="1" ind2="0"><subfield code="6">245-03/</subfield><subfield code="a">ارشاد القلوب الى الصواب المنجي من عمل به من اليم العقاب,</subfield><subfield code="f">[1106ه, 1695م].</subfield></datafield><datafield tag="880" ind1="1" ind2=" "><subfield code="6">100-01/</subfield><subfield code="a">ديلمي، الحسن بن محمد.</subfield></datafield><datafield tag="CID" ind1=" " ind2=" "><subfield code="a">006834403</subfield></datafield><datafield tag="DAT" ind1="0" ind2=" "><subfield code="a">20190719102641.0</subfield><subfield code="b">20190719000000.0</subfield></datafield><datafield tag="DAT" ind1="1" ind2=" "><subfield code="a">20190719090653.0</subfield><subfield code="b">2019-07-19T16:12:22Z</subfield></datafield><datafield tag="DAT" ind1="2" ind2=" "><subfield code="a">2015-10-02T18:00:03Z</subfield></datafield><datafield tag="CAT" ind1=" " ind2=" "><subfield code="a">SDR-MIU</subfield><subfield code="d">EX LIBRIS - ALEPH</subfield><subfield code="l">prepare.pl-004-008</subfield></datafield><datafield tag="FMT" ind1=" " ind2=" "><subfield code="a">BK</subfield></datafield><datafield tag="HOL" ind1=" " ind2=" "><subfield code="0">sdr-miu006834403</subfield><subfield code="a">MiU</subfield><subfield code="b">SDR</subfield><subfield code="c">MIU</subfield><subfield code="p">mdp.39015079132109</subfield><subfield code="s">MIU</subfield><subfield code="1">006834403</subfield></datafield><datafield tag="974" ind1=" " ind2=" "><subfield code="b">MIU</subfield><subfield code="c">MIU</subfield><subfield code="d">20190719</subfield><subfield code="s">lit-dlps-dc</subfield><subfield code="u">mdp.39015079132109</subfield><subfield code="y">1695</subfield><subfield code="r">pd</subfield><subfield code="q">bib</subfield><subfield code="t">non-US bib date1 &lt; 1879</subfield></datafield></record></collection>